
@article{sigmund_maute_2013, title={Topology Optimization approaches}, volume={48}, DOI={10.1007/s00158-013-0978-6}, number={6}, journal={Structural and Multidisciplinary Optimization}, author={Sigmund, Ole and Maute, Kurt}, year={2013}, pages={1031–1055}}
@article{christiansen_lazarov_jensen_sigmund_2015, title={Creating geometrically robust designs for highly sensitive problems using topology optimization}, volume={52}, DOI={10.1007/s00158-015-1265-5}, number={4}, journal={Structural and Multidisciplinary Optimization}, author={Christiansen, Rasmus E. and Lazarov, Boyan S. and Jensen, Jakob S. and Sigmund, Ole}, year={2015}, pages={737–754}} 
@article{ghattas_willcox_2021, title={Learning physics-based models from data: perspectives from inverse problems and model reduction}, volume={30}, DOI={10.1017/S0962492921000064}, journal={Acta Numerica}, publisher={Cambridge University Press}, author={Ghattas, Omar and Willcox, Karen}, year={2021}, pages={445–554}}
@article{andreassen_clausen_schevenels_lazarov_sigmund_2010, title={Efficient topology optimization in MATLAB USING 88 lines of code}, volume={43}, DOI={10.1007/s00158-010-0594-7}, number={1}, journal={Structural and Multidisciplinary Optimization}, author={Andreassen, Erik and Clausen, Anders and Schevenels, Mattias and Lazarov, Boyan S. and Sigmund, Ole}, year={2010}, pages={1–16}} 
@book{bendsoe_sigmund_topopt, place={Berlin}, edition={2nd}, title={Topology Optimization: Theory, Methods, and Applications}, publisher={Springer}, author={Bendsøe, Martin P. and Sigmund, O.}, year={2003}} 